@article{DBLP:journals/dke/Varzi96,
  author    = {Achille C. Varzi},
  title     = {Parts, Wholes, and Part-Whole Relations: The Prospects of Mereotopology},
  journal   = {Data Knowl. Eng.},
  volume    = {20},
  number    = {3},
  pages     = {259--286},
  year      = {1996},
  url       = {http://dx.doi.org/10.1016/S0169-023X(96)00017-1},
  doi       = {10.1016/S0169-023X(96)00017-1},
  timestamp = {Thu, 27 Nov 2003 12:46:42 +0100},
  biburl    = {http://dblp.uni-trier.de/rec/bib/journals/dke/Varzi96},
  bibsource = {dblp computer science bibliography, http://dblp.org}
}

@inproceedings{DBLP:conf/models/FavreLV12,
  author    = {Jean{-}Marie Favre and
               Ralf L{\"{a}}mmel and
               Andrei Varanovich},
  title     = {Modeling the Linguistic Architecture of Software Products},
  booktitle = {Model Driven Engineering Languages and Systems - 15th International
               Conference, {MODELS} 2012, Innsbruck, Austria, September 30-October
               5, 2012. Proceedings},
  pages     = {151--167},
  year      = {2012},
  crossref  = {DBLP:conf/models/2012},
  url       = {http://dx.doi.org/10.1007/978-3-642-33666-9_11},
  doi       = {10.1007/978-3-642-33666-9_11},
  timestamp = {Wed, 19 Sep 2012 15:04:35 +0200},
  biburl    = {http://dblp.uni-trier.de/rec/bib/conf/models/FavreLV12},
  bibsource = {dblp computer science bibliography, http://dblp.org}
}

@inproceedings{DBLP:conf/ecmdafa/LammelV14,
  author    = {Ralf L{\"{a}}mmel and
               Andrei Varanovich},
  title     = {Interpretation of Linguistic Architecture},
  booktitle = {Modelling Foundations and Applications - 10th European Conference,
               {ECMFA} 2014, Held as Part of {STAF} 2014, York, UK, July 21-25, 2014.
               Proceedings},
  pages     = {67--82},
  year      = {2014},
  crossref  = {DBLP:conf/ecmdafa/2014},
  url       = {http://dx.doi.org/10.1007/978-3-319-09195-2_5},
  doi       = {10.1007/978-3-319-09195-2_5},
  timestamp = {Thu, 10 Jul 2014 13:20:12 +0200},
  biburl    = {http://dblp.uni-trier.de/rec/bib/conf/ecmdafa/LammelV14},
  bibsource = {dblp computer science bibliography, http://dblp.org}
}

@article{DBLP:journals/entcs/FavreN05,
  author    = {Jean{-}Marie Favre and
               Tam Nguyen},
  title     = {Towards a Megamodel to Model Software Evolution Through Transformations},
  journal   = {Electr. Notes Theor. Comput. Sci.},
  volume    = {127},
  number    = {3},
  pages     = {59--74},
  year      = {2005},
  url       = {http://dx.doi.org/10.1016/j.entcs.2004.08.034},
  doi       = {10.1016/j.entcs.2004.08.034},
  timestamp = {Fri, 20 May 2005 14:53:37 +0200},
  biburl    = {http://dblp.uni-trier.de/rec/bib/journals/entcs/FavreN05},
  bibsource = {dblp computer science bibliography, http://dblp.org}
}

@misc{Softlang:course/ptt15/technoloymodeling,
    author    = {Ralf LÃ¤mmel},
    title     = {Technology modeling with MegaL in software development},
    year      = {2015},
    url       = {http://userpages.uni-koblenz.de/~laemmel/pttcourse/slides/technology.pdf},
%howpublished = {http://userpages.uni-koblenz.de/~laemmel/pttcourse/slides/technology.pdf},
%month    = "",
%note     = {http://userpages.uni-koblenz.de/~laemmel/pttcourse/slides/technology.pdf},
}

@inproceedings{DBLP:conf/sle/Lammel16,
  author    = {Ralf L{\"{a}}mmel},
  title     = {Coupled software transformations revisited},
  booktitle = {Proceedings of the 2016 {ACM} {SIGPLAN} International Conference on
               Software Language Engineering, Amsterdam, The Netherlands, October
               31 - November 1, 2016},
  pages     = {239--252},
  year      = {2016},
  crossref  = {DBLP:conf/sle/2016},
  url       = {http://dl.acm.org/citation.cfm?id=2997366},
  timestamp = {Fri, 02 Dec 2016 11:57:01 +0100},
  biburl    = {http://dblp.uni-trier.de/rec/bib/conf/sle/Lammel16},
  bibsource = {dblp computer science bibliography, http://dblp.org}
}
