@article{lammel2008google,
  title={Google’s MapReduce programming model—Revisited},
  author={L{\"a}mmel, Ralf},
  journal={Science of computer programming},
  volume={70},
  number={1},
  pages={1--30},
  year={2008},
  publisher={Elsevier}
}

@article{lammel2015software,
  title={Software chrestomathies},
  author={L{\"a}mmel, Ralf},
  journal={Science of computer programming},
  volume={97},
  pages={98--104},
  year={2015},
  publisher={Elsevier}
}
